% In this file, only include the long journal names. It must be used in conjunction with the full bibtex file.

@STRING(ACMTransGraph = "ACM Transactions on Graphics")

@STRING(BiophysJ = "Biophysical Journal")

@STRING(CanJPhys = "Canadian Journal of Physics")

@STRING(CancerRes = "Cancer Research")

@STRING(ChaosSolitonFract = "Chaos, Solitons \& Fractals")

@STRING(CLEIej = "CLEI Electronic Journal")

@STRING(ClinCancerRes = "Clinical Cancer Research")

@STRING(ComputSciEng = "Computing in science & engineering")

@STRING(ElectrochimActa = "Electrochimica Acta")

@STRING(ETNA = "Electronic Transactions on Numerical Analysis")

@STRING(FutureGenerComputSyst = "Future Generation Computer Systems")

@STRING(IEEECommMag = "IEEE Communications Magazine")

@STRING(IEEECommSurv = "IEEE Communications Surveys and Tutorials")

@STRING(IEEEJornSelAreaComm = "IEEE Journal on Selected Areas in Communications")

@STRING(IEEETransComput = "IEEE Transactions on Computers")

@STRING(IntJHighPerformComputAppl = "International Journal of High Performance Computing Applications")

@STRING(IntJParallelProg = "International Journal of Parallel Programming")

@STRING(JCompPhys = "Journal of Computational Physics")

@STRING(JElectrochemSoc = "Journal of the Electrochemistry Society")

@STRING(JFluidMech = "Journal of Fluid Mechanics")

@STRING(JPhysChemB = "Journal of Physical Chemistry B")

@STRING(JPhysSocJpn = "Journal of the Physical Society of Japan")

@STRING(JStatPhys = "Journal of Statistical Physics")

@STRING(JSupercomput = "Journal of Supercomputing")

@STRING(LectNotesComputSci = "Lecture Notes in Computer Science")

@STRING(NatCellBiol = "Nature Cell Biology")

@STRING(ParallelComput = "Parallel Computing")

@STRING(PPNA = "Peer-To-Peer Networking and Applications")

@STRING(PhysicaA = "Physica A: Statistical Mechanics and its Applications")

@STRING(PhysicaD = "Physica D Nonlinear Phenomena")

@STRING(PhysChemChemPhys ="Physical Chemistry Chemical Physics")

@STRING(PhysRevA = "Physical Review A")

@STRING(PhysRevB = "Physical Review B")

@STRING(PhysRevE = "Physical Review E")

@STRING(PhysRevLett = "Physical Review Letters")

@STRING(PNAS = "Proceedings of the National Academy of Sciences of the United States of America")

@STRING(RevModPhys = "Reviews of Modern Physics")

@STRING(SimulTSocModSim = "Simulation: Transactions of the Society for Modeling and Simulation International")
